<?xml version="1.0" encoding="UTF-8"?><collection xmlns="http://www.loc.gov/MARC21/slim"><record><leader>00373nam--2200145-i-4500</leader><controlfield tag="001">000020666</controlfield><controlfield tag="002">20161230</controlfield><controlfield tag="005">20161230201033</controlfield><controlfield tag="008">060222s1000------------r-----000-0-eng-d</controlfield><datafield ind1=" " ind2=" " tag="020"><subfield code="a">0-12-460</subfield></datafield><datafield ind1=" " ind2=" " tag="080"><subfield code="a">548</subfield></datafield><datafield ind1=" " ind2=" " tag="100"><subfield code="a">Igor Lyuksyutov, A.G.Naumovets, V.Pokrovsky</subfield></datafield><datafield ind1=" " ind2=" " tag="245"><subfield code="a">Two - dimensional crystals</subfield></datafield><datafield ind1=" " ind2=" " tag="260"><subfield code="a">San Diego, Academic Press, 1992 423 P</subfield></datafield><datafield ind1=" " ind2=" " tag="852"><subfield code="a">80558</subfield></datafield></record></collection>